@INPROCEEDINGS{citypersons,
  author={Zhang, Shanshan and Benenson, Rodrigo and Schiele, Bernt},
  booktitle={2017 IEEE Conference on Computer Vision and Pattern Recognition (CVPR)}, 
  title={CityPersons: A Diverse Dataset for Pedestrian Detection}, 
  year={2017},
  volume={},
  number={},
  pages={4457-4465},
  doi={10.1109/CVPR.2017.474}}
  
@ARTICLE{elephant,
       author = {{Hasan}, Irtiza and {Liao}, Shengcai and {Li}, Jinpeng and {Ullah Akram}, Saad and {Shao}, Ling},
        title = "{Generalizable Pedestrian Detection: The Elephant In The Room}",
      journal = {arXiv e-prints},
     keywords = {Computer Science - Computer Vision and Pattern Recognition},
         year = 2020,
        month = mar,
          eid = {arXiv:2003.08799},
        pages = {arXiv:2003.08799},
archivePrefix = {arXiv},
       eprint = {2003.08799},
 primaryClass = {cs.CV},
       adsurl = {https://ui.adsabs.harvard.edu/abs/2020arXiv200308799H},
      adsnote = {Provided by the SAO/NASA Astrophysics Data System}
}

